
<record xmlns:xs="http://www.w3.org/2001/XMLSchema">
         <leader>     cam a22        4500</leader>
         <controlfield tag="001">228062756</controlfield>
         <controlfield tag="003">CHVBK</controlfield>
         <controlfield tag="005">20130820063420.0</controlfield>
         <controlfield tag="008">030319s1965    xxu           00    eng d</controlfield>
         <datafield tag="035" ind1=" " ind2=" ">
            <subfield code="a">(RERO)R003329284</subfield>
         </datafield>
         <datafield tag="040" ind1=" " ind2=" ">
            <subfield code="a">CH-MyRERO</subfield>
            <subfield code="d">CHVBK</subfield>
         </datafield>
         <datafield tag="072" ind1=" " ind2="7">
            <subfield code="a">s1se</subfield>
            <subfield code="2">rero</subfield>
         </datafield>
         <datafield tag="100" ind1="1" ind2=" ">
            <subfield code="a">Shultz</subfield>
            <subfield code="D">William John</subfield>
         </datafield>
         <datafield tag="245" ind1="1" ind2="0">
            <subfield code="a">American public finance</subfield>
            <subfield code="c">William J. Shultz, C. Lowell Harriss</subfield>
         </datafield>
         <datafield tag="250" ind1=" " ind2=" ">
            <subfield code="a">8th ed., [2nd print.]</subfield>
         </datafield>
         <datafield tag="260" ind1=" " ind2=" ">
            <subfield code="a">Englewood Cliffs N.J</subfield>
            <subfield code="b">Prentice-Hall</subfield>
            <subfield code="c">1965</subfield>
         </datafield>
         <datafield tag="300" ind1=" " ind2=" ">
            <subfield code="a">X, 565 p</subfield>
            <subfield code="b">tabl., fig</subfield>
            <subfield code="c">25 cm</subfield>
         </datafield>
         <datafield tag="700" ind1="1" ind2=" ">
            <subfield code="a">Harriss</subfield>
            <subfield code="D">C. Lowell</subfield>
         </datafield>
         <datafield tag="950" ind1=" " ind2=" ">
            <subfield code="B">RERO</subfield>
            <subfield code="P">100</subfield>
            <subfield code="E">1-</subfield>
            <subfield code="a">Shultz</subfield>
            <subfield code="D">William John</subfield>
         </datafield>
         <datafield tag="950" ind1=" " ind2=" ">
            <subfield code="B">RERO</subfield>
            <subfield code="P">700</subfield>
            <subfield code="E">1-</subfield>
            <subfield code="a">Harriss</subfield>
            <subfield code="D">C. Lowell</subfield>
         </datafield>
         <datafield tag="986" ind1=" " ind2=" ">
            <subfield code="a">SWISSBIB</subfield>
            <subfield code="b">174095384</subfield>
         </datafield>
         <datafield tag="898" ind1=" " ind2=" ">
            <subfield code="a">BK020000</subfield>
            <subfield code="b">XK020000</subfield>
            <subfield code="c">XK020000</subfield>
         </datafield>
         <datafield tag="949" ind1=" " ind2=" ">
            <subfield code="B">RERO</subfield>
            <subfield code="F">RE01003</subfield>
            <subfield code="c">RE010030001</subfield>
            <subfield code="j">ISES F-1*46</subfield>
            <subfield code="z">$9 0036</subfield>
         </datafield>
      <datafield tag="949" ind1=" " ind2=" "><subfield code="B">IDSSG</subfield><subfield code="F">HIFF</subfield><subfield code="c">BIB</subfield><subfield code="j">AA 158</subfield></datafield></record>