
<record xmlns:xs="http://www.w3.org/2001/XMLSchema">
         <leader>     cam a22     4  4500</leader>
         <controlfield tag="001">155189379</controlfield>
         <controlfield tag="003">CHVBK</controlfield>
         <controlfield tag="005">20180904030831.0</controlfield>
         <controlfield tag="008">010926m19999999gw       l    00    ger  </controlfield>
         <datafield tag="020" ind1=" " ind2=" ">
            <subfield code="a">3-504-26041-6</subfield>
         </datafield>
         <datafield tag="020" ind1=" " ind2=" ">
            <subfield code="a">978-3-504-26041-5 (Lief. 68)</subfield>
         </datafield>
         <datafield tag="035" ind1=" " ind2=" ">
            <subfield code="a">(OCoLC)890242615</subfield>
         </datafield>
         <datafield tag="035" ind1=" " ind2=" ">
            <subfield code="a">(NEBIS)004190777</subfield>
         </datafield>
         <datafield tag="040" ind1=" " ind2=" ">
            <subfield code="a">SzZuIDS NEBIS UNI-RWI</subfield>
         </datafield>
         <datafield tag="245" ind1="0" ind2="0">
            <subfield code="a">Aussensteuerrecht</subfield>
            <subfield code="b">Kommentar : Außensteuergesetz, Einkommensteuergesetz (§§ 1, 1a, 2a, 34c, 34d EStG; Auslandstätigkeitserlaß), Körperschaftsteuergesetz (§§ 8b, 26 KStG), Gewerbesteuergesetz (§ 9 Nr. 7, 8, § 12 Abs. 3 Nr. 4, 5 GewStG), Bewertungsgesetz (§ 102 Abs. 2 BewG), Erbschaftsteuergesetz (§ 21 ErbStG)</subfield>
            <subfield code="c">Flick, Wassermeyer, Baumhoff</subfield>
         </datafield>
         <datafield tag="250" ind1=" " ind2=" ">
            <subfield code="a">6. Aufl.</subfield>
            <subfield code="b">hrsg. von Franz Wassermeyer ... [et al.] ; bearb. von Hubertus Baumhoff ... [et al.]</subfield>
         </datafield>
         <datafield tag="260" ind1=" " ind2=" ">
            <subfield code="a">Köln</subfield>
            <subfield code="b">Schmidt</subfield>
            <subfield code="c">1999-</subfield>
         </datafield>
         <datafield tag="300" ind1=" " ind2=" ">
            <subfield code="a">4 Ordner</subfield>
         </datafield>
         <datafield tag="500" ind1=" " ind2=" ">
            <subfield code="a">Losebl.-Ausg., wird laufend ergänzt</subfield>
         </datafield>
         <datafield tag="500" ind1=" " ind2=" ">
            <subfield code="a">Lfg 43- = Aufl. 6-</subfield>
         </datafield>
         <datafield tag="500" ind1=" " ind2=" ">
            <subfield code="a">Lfg. 1-42 u.d.T.: Kommentar zum Aussensteuerrecht</subfield>
         </datafield>
         <datafield tag="500" ind1=" " ind2=" ">
            <subfield code="a">Ab Lfg. 68 (Nov. 2011) Untertitel: Aussensteuergesetz, aussensteuerrechtliche Vorschriften des Einkommensteuergestzes und des Körperschaftsteuergesetzes</subfield>
         </datafield>
         <datafield tag="500" ind1=" " ind2=" ">
            <subfield code="a">Enthält auch die ensprechenden Gesetzesmaterialien</subfield>
         </datafield>
         <datafield tag="650" ind1=" " ind2="7">
            <subfield code="a">Internationales Steuerrecht</subfield>
            <subfield code="2">idszbz</subfield>
         </datafield>
         <datafield tag="651" ind1=" " ind2="7">
            <subfield code="a">Deutschland</subfield>
            <subfield code="2">idszbz</subfield>
         </datafield>
         <datafield tag="655" ind1=" " ind2="7">
            <subfield code="a">Kommentar</subfield>
            <subfield code="2">idszbz</subfield>
         </datafield>
         <datafield tag="700" ind1="1" ind2=" ">
            <subfield code="a">Flick</subfield>
            <subfield code="D">Hans</subfield>
            <subfield code="c">Steuerexperte, Deutschland</subfield>
            <subfield code="d">1927-</subfield>
            <subfield code="0">(DE-588)1090032579</subfield>
         </datafield>
         <datafield tag="700" ind1="1" ind2=" ">
            <subfield code="a">Wassermeyer</subfield>
            <subfield code="D">Franz</subfield>
         </datafield>
         <datafield tag="700" ind1="1" ind2=" ">
            <subfield code="a">Baumhoff</subfield>
            <subfield code="D">Hubertus</subfield>
         </datafield>
         <datafield tag="751" ind1=" " ind2=" ">
            <subfield code="a">Deutschland</subfield>
            <subfield code="0">(DE-588)4011882-4</subfield>
         </datafield>
         <datafield tag="908" ind1=" " ind2=" ">
            <subfield code="D">1</subfield>
            <subfield code="a">Gesetze und Verordnungen = Lois, règlements</subfield>
         </datafield>
         <datafield tag="909" ind1=" " ind2="7">
            <subfield code="a">rwimon200109e</subfield>
            <subfield code="c">biss 010926</subfield>
            <subfield code="d">rwiswk200110b</subfield>
            <subfield code="e">meim</subfield>
            <subfield code="2">idszbz Z2</subfield>
         </datafield>
         <datafield tag="909" ind1=" " ind2="7">
            <subfield code="a">E51ANH-2008</subfield>
            <subfield code="2">nebis E5</subfield>
         </datafield>
         <datafield tag="912" ind1=" " ind2="7">
            <subfield code="a">RWI-S</subfield>
            <subfield code="2">RWI-</subfield>
         </datafield>
         <datafield tag="912" ind1=" " ind2="7">
            <subfield code="a">M115</subfield>
            <subfield code="2">Z01</subfield>
         </datafield>
         <datafield tag="912" ind1=" " ind2="7">
            <subfield code="a">E51RP</subfield>
            <subfield code="2">E51-20180124</subfield>
         </datafield>
         <datafield tag="950" ind1=" " ind2=" ">
            <subfield code="B">NEBIS</subfield>
            <subfield code="P">700</subfield>
            <subfield code="E">1-</subfield>
            <subfield code="a">Flick</subfield>
            <subfield code="D">Hans</subfield>
            <subfield code="c">Steuerexperte, Deutschland</subfield>
            <subfield code="d">1927-</subfield>
            <subfield code="0">(DE-588)1090032579</subfield>
         </datafield>
         <datafield tag="950" ind1=" " ind2=" ">
            <subfield code="B">NEBIS</subfield>
            <subfield code="P">700</subfield>
            <subfield code="E">1-</subfield>
            <subfield code="a">Wassermeyer</subfield>
            <subfield code="D">Franz</subfield>
         </datafield>
         <datafield tag="950" ind1=" " ind2=" ">
            <subfield code="B">NEBIS</subfield>
            <subfield code="P">700</subfield>
            <subfield code="E">1-</subfield>
            <subfield code="a">Baumhoff</subfield>
            <subfield code="D">Hubertus</subfield>
         </datafield>
         <datafield tag="986" ind1=" " ind2=" ">
            <subfield code="a">SWISSBIB</subfield>
            <subfield code="b">155189379</subfield>
         </datafield>
         <datafield tag="898" ind1=" " ind2=" ">
            <subfield code="a">BK020000</subfield>
            <subfield code="b">XK020000</subfield>
            <subfield code="c">XK020000</subfield>
         </datafield>
         <datafield tag="949" ind1=" " ind2=" ">
            <subfield code="B">NEBIS</subfield>
            <subfield code="F">E51</subfield>
            <subfield code="c">E51BR</subfield>
            <subfield code="j">RP 349.304 004 3 Flic Aus Bd.1</subfield>
         </datafield>
         <datafield tag="949" ind1=" " ind2=" ">
            <subfield code="B">NEBIS</subfield>
            <subfield code="F">E51</subfield>
            <subfield code="c">E51BR</subfield>
            <subfield code="j">RP 349.304 004 3 Flic Aus Bd.2</subfield>
         </datafield>
         <datafield tag="949" ind1=" " ind2=" ">
            <subfield code="B">NEBIS</subfield>
            <subfield code="F">E51</subfield>
            <subfield code="c">E51BR</subfield>
            <subfield code="j">RP 349.304 004 3 Flic Aus Bd.3</subfield>
         </datafield>
         <datafield tag="949" ind1=" " ind2=" ">
            <subfield code="B">NEBIS</subfield>
            <subfield code="F">E51</subfield>
            <subfield code="c">E51BR</subfield>
            <subfield code="j">RP 349.304 004 3 Flic Aus Bd.4</subfield>
         </datafield>
         <datafield tag="949" ind1=" " ind2=" ">
            <subfield code="B">NEBIS</subfield>
            <subfield code="F">Z16</subfield>
            <subfield code="j">Seq 725 : 1</subfield>
            <subfield code="z">1: Gesetzestexte, § 1 AStG</subfield>
         </datafield>
         <datafield tag="949" ind1=" " ind2=" ">
            <subfield code="B">NEBIS</subfield>
            <subfield code="F">Z16</subfield>
            <subfield code="j">Seq 725 : 2</subfield>
            <subfield code="z">2: §§ 2-8 AStG</subfield>
         </datafield>
         <datafield tag="949" ind1=" " ind2=" ">
            <subfield code="B">NEBIS</subfield>
            <subfield code="F">Z16</subfield>
            <subfield code="j">Seq 725 : 3</subfield>
            <subfield code="z">3: §§ 9-22 AStG</subfield>
         </datafield>
         <datafield tag="949" ind1=" " ind2=" ">
            <subfield code="B">NEBIS</subfield>
            <subfield code="F">Z16</subfield>
            <subfield code="j">Seq 725 : 4</subfield>
            <subfield code="z">4: Aussensteuerrechtliche Vorschriften des EStG und KStG, Sachregister</subfield>
         </datafield>
      <datafield tag="949" ind1=" " ind2=" "><subfield code="B">IDSSG</subfield><subfield code="F">HIFF</subfield><subfield code="c">BIB</subfield><subfield code="j">KB 308 3</subfield></datafield></record>