
<record xmlns:xs="http://www.w3.org/2001/XMLSchema">
         <leader>     cam a22     u  4500</leader>
         <controlfield tag="001">031361935</controlfield>
         <controlfield tag="003">CHVBK</controlfield>
         <controlfield tag="005">20181213035212.0</controlfield>
         <controlfield tag="008">941209s1981    sz a     m    000 0 ger  </controlfield>
         <datafield tag="020" ind1=" " ind2=" ">
            <subfield code="a">3-7253-0132-8</subfield>
         </datafield>
         <datafield tag="035" ind1=" " ind2=" ">
            <subfield code="a">(OCoLC)163310681</subfield>
         </datafield>
         <datafield tag="035" ind1=" " ind2=" ">
            <subfield code="a">(IDSSG)000076516</subfield>
         </datafield>
         <datafield tag="040" ind1=" " ind2=" ">
            <subfield code="a">SzZuIDS HSG</subfield>
            <subfield code="b">ger</subfield>
            <subfield code="e">kids</subfield>
         </datafield>
         <datafield tag="100" ind1="1" ind2=" ">
            <subfield code="a">Rölli</subfield>
            <subfield code="D">Alfred</subfield>
         </datafield>
         <datafield tag="245" ind1="1" ind2="4">
            <subfield code="a">Die sozio-ökonomischen Bestimmungsfaktoren der Bildung von Wohneigentum in der Schweiz</subfield>
            <subfield code="c">von Alfred Rölli</subfield>
         </datafield>
         <datafield tag="264" ind1=" " ind2="1">
            <subfield code="c">1981</subfield>
         </datafield>
         <datafield tag="300" ind1=" " ind2=" ">
            <subfield code="a">XIII, 318 S</subfield>
         </datafield>
         <datafield tag="336" ind1=" " ind2=" ">
            <subfield code="a">Text</subfield>
            <subfield code="b">txt</subfield>
            <subfield code="2">rdacontent/ger</subfield>
         </datafield>
         <datafield tag="337" ind1=" " ind2=" ">
            <subfield code="a">ohne Hilfsmittel zu benutzen</subfield>
            <subfield code="b">n</subfield>
            <subfield code="2">rdamedia/ger</subfield>
         </datafield>
         <datafield tag="338" ind1=" " ind2=" ">
            <subfield code="a">Band</subfield>
            <subfield code="b">nc</subfield>
            <subfield code="2">rdacarrier/ger</subfield>
         </datafield>
         <datafield tag="490" ind1="0" ind2=" ">
            <subfield code="a">Dissertationen / Hochschule St. Gallen</subfield>
            <subfield code="v">Nr. 790</subfield>
            <subfield code="i">790</subfield>
            <subfield code="w">(IDSSG)000231472</subfield>
            <subfield code="9">280571712</subfield>
         </datafield>
         <datafield tag="502" ind1=" " ind2=" ">
            <subfield code="b">Dissertation</subfield>
            <subfield code="c">Universität St. Gallen</subfield>
            <subfield code="d">1981</subfield>
         </datafield>
         <datafield tag="655" ind1=" " ind2="7">
            <subfield code="a">Hochschulschrift</subfield>
            <subfield code="2">gnd-content</subfield>
         </datafield>
         <datafield tag="690" ind1=" " ind2="7">
            <subfield code="B">u</subfield>
            <subfield code="a">Vwl Bauwesen und Wohnungswesen : Wohnungswirtschaft</subfield>
            <subfield code="2">idssg H9</subfield>
         </datafield>
         <datafield tag="690" ind1=" " ind2="7">
            <subfield code="B">u</subfield>
            <subfield code="a">Vwl Sozialpolitik : Schweiz</subfield>
            <subfield code="2">idssg H9</subfield>
         </datafield>
         <datafield tag="690" ind1=" " ind2="7">
            <subfield code="B">u</subfield>
            <subfield code="a">Vwl Bauwesen und Wohnungswesen : Mietprobleme</subfield>
            <subfield code="2">idssg H9</subfield>
         </datafield>
         <datafield tag="700" ind1="1" ind2=" ">
            <subfield code="a">Nydegger</subfield>
            <subfield code="D">Alfred</subfield>
            <subfield code="d">1924-2018</subfield>
            <subfield code="0">(DE-588)170388077</subfield>
            <subfield code="e">Akademischer Betreuer</subfield>
            <subfield code="4">dgs</subfield>
         </datafield>
         <datafield tag="898" ind1=" " ind2=" ">
            <subfield code="a">BK020300</subfield>
            <subfield code="b">XK020000</subfield>
            <subfield code="c">XK020000</subfield>
         </datafield>
         <datafield tag="949" ind1=" " ind2=" ">
            <subfield code="B">IDSSG</subfield>
            <subfield code="F">HSG</subfield>
            <subfield code="c">ZIG</subfield>
            <subfield code="j">* Diss HSG 0790</subfield>
         </datafield>
         <datafield tag="949" ind1=" " ind2=" ">
            <subfield code="B">IDSSG</subfield>
            <subfield code="F">HSG</subfield>
            <subfield code="c">BURON</subfield>
            <subfield code="j">+Vwl N 1158</subfield>
         </datafield>
         <datafield tag="949" ind1=" " ind2=" ">
            <subfield code="B">IDSSG</subfield>
            <subfield code="F">HSG</subfield>
            <subfield code="c">BURON</subfield>
            <subfield code="j">+Vwl N 1158a</subfield>
         </datafield>
         <datafield tag="950" ind1=" " ind2=" ">
            <subfield code="B">IDSSG</subfield>
            <subfield code="P">100</subfield>
            <subfield code="E">1-</subfield>
            <subfield code="a">Rölli</subfield>
            <subfield code="D">Alfred</subfield>
         </datafield>
         <datafield tag="950" ind1=" " ind2=" ">
            <subfield code="B">IDSSG</subfield>
            <subfield code="P">490</subfield>
            <subfield code="E">0-</subfield>
            <subfield code="a">Dissertationen / Hochschule St. Gallen</subfield>
            <subfield code="v">Nr. 790</subfield>
            <subfield code="i">790</subfield>
            <subfield code="w">(IDSSG)000231472</subfield>
            <subfield code="9">280571712</subfield>
         </datafield>
         <datafield tag="950" ind1=" " ind2=" ">
            <subfield code="B">IDSSG</subfield>
            <subfield code="P">700</subfield>
            <subfield code="E">1-</subfield>
            <subfield code="a">Nydegger</subfield>
            <subfield code="D">Alfred</subfield>
            <subfield code="d">1924-2018</subfield>
            <subfield code="0">(DE-588)170388077</subfield>
            <subfield code="e">Akademischer Betreuer</subfield>
            <subfield code="4">dgs</subfield>
         </datafield>
         <datafield tag="986" ind1=" " ind2=" ">
            <subfield code="a">SWISSBIB</subfield>
            <subfield code="b">031361935</subfield>
         </datafield>
      <datafield tag="949" ind1=" " ind2=" "><subfield code="B">IDSSG</subfield><subfield code="F">HIFF</subfield><subfield code="c">BIB</subfield><subfield code="j">AF 183</subfield></datafield></record>