
<record xmlns:xs="http://www.w3.org/2001/XMLSchema">
         <leader>     cam a22     u  4500</leader>
         <controlfield tag="001">279847408</controlfield>
         <controlfield tag="003">CHVBK</controlfield>
         <controlfield tag="005">20180414055214.0</controlfield>
         <controlfield tag="008">130818s1988    xxk    |      00   |eng|d</controlfield>
         <datafield tag="010" ind1=" " ind2=" ">
            <subfield code="a">   86033402 </subfield>
         </datafield>
         <datafield tag="020" ind1=" " ind2=" ">
            <subfield code="a">0-521-33391-1 (hard cover)</subfield>
         </datafield>
         <datafield tag="020" ind1=" " ind2=" ">
            <subfield code="a">0-521-33658-9 (paperback)</subfield>
         </datafield>
         <datafield tag="020" ind1=" " ind2=" ">
            <subfield code="z">0-521-33399-1 (geb.)</subfield>
         </datafield>
         <datafield tag="035" ind1=" " ind2=" ">
            <subfield code="a">(NEBIS)000895010</subfield>
         </datafield>
         <datafield tag="035" ind1=" " ind2=" ">
            <subfield code="a">(RERO)0986182</subfield>
         </datafield>
         <datafield tag="035" ind1=" " ind2=" ">
            <subfield code="a">(IDSSG)000001479</subfield>
         </datafield>
         <datafield tag="040" ind1=" " ind2=" ">
            <subfield code="a">EAWAG</subfield>
            <subfield code="b">ger</subfield>
            <subfield code="c">ETH-BIB</subfield>
            <subfield code="e">ETHICS-ISBD</subfield>
         </datafield>
         <datafield tag="072" ind1=" " ind2="7">
            <subfield code="a">s1se</subfield>
            <subfield code="2">rero</subfield>
         </datafield>
         <datafield tag="082" ind1="0" ind2="0">
            <subfield code="a">519.5/42</subfield>
            <subfield code="2">19</subfield>
         </datafield>
         <datafield tag="082" ind1="0" ind2="4">
            <subfield code="a">519.1</subfield>
            <subfield code="b">G218d</subfield>
         </datafield>
         <datafield tag="082" ind1="0" ind2="4">
            <subfield code="a">519.5</subfield>
            <subfield code="b">42</subfield>
            <subfield code="2">19</subfield>
         </datafield>
         <datafield tag="082" ind1="1" ind2=" ">
            <subfield code="a">170</subfield>
            <subfield code="2">22</subfield>
         </datafield>
         <datafield tag="245" ind1="0" ind2="0">
            <subfield code="a">Decision, probability and utility</subfield>
            <subfield code="b">selected readings</subfield>
            <subfield code="c">ed. by Peter Gärdenfors and Nils-Eric Sahlin</subfield>
         </datafield>
         <datafield tag="246" ind1="1" ind2=" ">
            <subfield code="a">Decision, probability, and utility</subfield>
         </datafield>
         <datafield tag="260" ind1=" " ind2=" ">
            <subfield code="a">Cambridge [etc.]</subfield>
            <subfield code="b">Cambridge University Press</subfield>
            <subfield code="c">1988</subfield>
         </datafield>
         <datafield tag="300" ind1=" " ind2=" ">
            <subfield code="a">X, 449 S</subfield>
            <subfield code="c">24 cm</subfield>
            <subfield code="b">Ill</subfield>
         </datafield>
         <datafield tag="504" ind1=" " ind2=" ">
            <subfield code="a">Literaturverz.: S. 426-441</subfield>
         </datafield>
         <datafield tag="650" ind1=" " ind2="7">
            <subfield code="a">Entscheidungstheorie</subfield>
            <subfield code="2">idszbz</subfield>
         </datafield>
         <datafield tag="650" ind1=" " ind2="7">
            <subfield code="a">Entscheidung bei Unsicherheit</subfield>
            <subfield code="0">(DE-588)4070864-0</subfield>
            <subfield code="2">gnd</subfield>
         </datafield>
         <datafield tag="650" ind1=" " ind2="7">
            <subfield code="a">Entscheidungstheorie</subfield>
            <subfield code="0">(DE-588)4138606-1</subfield>
            <subfield code="2">gnd</subfield>
         </datafield>
         <datafield tag="650" ind1=" " ind2="0">
            <subfield code="a">Bayesian statistical decision theory</subfield>
         </datafield>
         <datafield tag="650" ind1=" " ind2="0">
            <subfield code="a">Statistical decision</subfield>
         </datafield>
         <datafield tag="650" ind1=" " ind2="7">
            <subfield code="a">Bayes-Entscheidungstheorie</subfield>
            <subfield code="0">(DE-588)4144220-9</subfield>
            <subfield code="2">gnd</subfield>
         </datafield>
         <datafield tag="650" ind1=" " ind2="7">
            <subfield code="a">Statistische Entscheidungstheorie</subfield>
            <subfield code="0">(DE-588)4077850-2</subfield>
            <subfield code="2">gnd</subfield>
         </datafield>
         <datafield tag="655" ind1=" " ind2="7">
            <subfield code="a">Aufsatzsammlung</subfield>
            <subfield code="2">idszbz</subfield>
         </datafield>
         <datafield tag="655" ind1=" " ind2="7">
            <subfield code="a">Aufsatzsammlung</subfield>
            <subfield code="2">gnd-content</subfield>
         </datafield>
         <datafield tag="691" ind1=" " ind2="7">
            <subfield code="B">u</subfield>
            <subfield code="a">RENTABILITÄT</subfield>
            <subfield code="z">ger</subfield>
            <subfield code="u">330,031</subfield>
            <subfield code="2">nebis E1</subfield>
         </datafield>
         <datafield tag="691" ind1=" " ind2="7">
            <subfield code="B">u</subfield>
            <subfield code="a">ENTSCHEIDUNGSTHEORIE (MATHEMATISCHE STATISTIK)</subfield>
            <subfield code="z">ger</subfield>
            <subfield code="u">519.226</subfield>
            <subfield code="2">nebis E1</subfield>
         </datafield>
         <datafield tag="691" ind1=" " ind2="7">
            <subfield code="B">u</subfield>
            <subfield code="a">RELATIVE GEWISSHEIT + WAHRSCHEINLICHKEIT (ERKENNTNISTHEORIE)</subfield>
            <subfield code="z">ger</subfield>
            <subfield code="u">165.413</subfield>
            <subfield code="2">nebis E1</subfield>
         </datafield>
         <datafield tag="691" ind1=" " ind2="7">
            <subfield code="B">u</subfield>
            <subfield code="a">PROFITABILITY</subfield>
            <subfield code="z">eng</subfield>
            <subfield code="u">330,031</subfield>
            <subfield code="2">nebis E1</subfield>
         </datafield>
         <datafield tag="691" ind1=" " ind2="7">
            <subfield code="B">u</subfield>
            <subfield code="a">RENTABILITÉ</subfield>
            <subfield code="z">fre</subfield>
            <subfield code="u">330,031</subfield>
            <subfield code="2">nebis E1</subfield>
         </datafield>
         <datafield tag="691" ind1=" " ind2="7">
            <subfield code="B">u</subfield>
            <subfield code="a">DECISION THEORY (MATHEMATICAL STATISTICS)</subfield>
            <subfield code="z">eng</subfield>
            <subfield code="u">519.226</subfield>
            <subfield code="2">nebis E1</subfield>
         </datafield>
         <datafield tag="691" ind1=" " ind2="7">
            <subfield code="B">u</subfield>
            <subfield code="a">THÉORIE DE LA DÉCISION (STATISTIQUE MATHÉMATIQUE)</subfield>
            <subfield code="z">fre</subfield>
            <subfield code="u">519.226</subfield>
            <subfield code="2">nebis E1</subfield>
         </datafield>
         <datafield tag="691" ind1=" " ind2="7">
            <subfield code="B">u</subfield>
            <subfield code="a">RELATIVE CERTAINTY + PROBABILITY (EPISTEMOLOGY)</subfield>
            <subfield code="z">eng</subfield>
            <subfield code="u">165.413</subfield>
            <subfield code="2">nebis E1</subfield>
         </datafield>
         <datafield tag="691" ind1=" " ind2="7">
            <subfield code="B">u</subfield>
            <subfield code="a">CERTITUDE RELATIVE + VRAISEMBLANCE (ÉPISTÉMOLOGIE)</subfield>
            <subfield code="z">fre</subfield>
            <subfield code="u">165.413</subfield>
            <subfield code="2">nebis E1</subfield>
         </datafield>
         <datafield tag="700" ind1="1" ind2=" ">
            <subfield code="a">Gärdenfors</subfield>
            <subfield code="D">Peter</subfield>
            <subfield code="d">1949-</subfield>
            <subfield code="0">(DE-588)139155805</subfield>
         </datafield>
         <datafield tag="700" ind1="1" ind2=" ">
            <subfield code="a">Sahlin</subfield>
            <subfield code="D">Nils-Eric</subfield>
         </datafield>
         <datafield tag="950" ind1=" " ind2=" ">
            <subfield code="B">NEBIS</subfield>
            <subfield code="P">700</subfield>
            <subfield code="E">1-</subfield>
            <subfield code="a">Gärdenfors</subfield>
            <subfield code="D">Peter</subfield>
            <subfield code="d">1949-</subfield>
            <subfield code="0">(DE-588)139155805</subfield>
         </datafield>
         <datafield tag="950" ind1=" " ind2=" ">
            <subfield code="B">NEBIS</subfield>
            <subfield code="P">700</subfield>
            <subfield code="E">1-</subfield>
            <subfield code="a">Sahlin</subfield>
            <subfield code="D">Nils-Eric</subfield>
         </datafield>
         <datafield tag="950" ind1=" " ind2=" ">
            <subfield code="B">RERO</subfield>
            <subfield code="P">700</subfield>
            <subfield code="E">1-</subfield>
            <subfield code="a">Gärdenfors</subfield>
            <subfield code="D">Peter</subfield>
         </datafield>
         <datafield tag="950" ind1=" " ind2=" ">
            <subfield code="B">IDSSG</subfield>
            <subfield code="P">700</subfield>
            <subfield code="E">1-</subfield>
            <subfield code="a">Gärdenfors</subfield>
            <subfield code="D">Peter</subfield>
         </datafield>
         <datafield tag="950" ind1=" " ind2=" ">
            <subfield code="B">IDSSG</subfield>
            <subfield code="P">700</subfield>
            <subfield code="E">1-</subfield>
            <subfield code="a">Sahlin</subfield>
            <subfield code="D">Nils-Eric</subfield>
         </datafield>
         <datafield tag="986" ind1=" " ind2=" ">
            <subfield code="a">SWISSBIB</subfield>
            <subfield code="b">097389587</subfield>
         </datafield>
         <datafield tag="898" ind1=" " ind2=" ">
            <subfield code="a">BK020000</subfield>
            <subfield code="b">XK020000</subfield>
            <subfield code="c">XK020000</subfield>
         </datafield>
         <datafield tag="949" ind1=" " ind2=" ">
            <subfield code="B">NEBIS</subfield>
            <subfield code="F">E17</subfield>
            <subfield code="j">7.10.3/26</subfield>
         </datafield>
         <datafield tag="949" ind1=" " ind2=" ">
            <subfield code="B">NEBIS</subfield>
            <subfield code="F">UECON</subfield>
            <subfield code="c">ULMZN</subfield>
            <subfield code="j">IEW H 0469</subfield>
         </datafield>
         <datafield tag="949" ind1=" " ind2=" ">
            <subfield code="B">NEBIS</subfield>
            <subfield code="F">UEZEN</subfield>
            <subfield code="j">*Gc/Ga 1.1</subfield>
         </datafield>
         <datafield tag="949" ind1=" " ind2=" ">
            <subfield code="B">NEBIS</subfield>
            <subfield code="F">Z01</subfield>
            <subfield code="c">03</subfield>
            <subfield code="j">GD 5889</subfield>
         </datafield>
         <datafield tag="949" ind1=" " ind2=" ">
            <subfield code="B">RERO</subfield>
            <subfield code="F">RE31014</subfield>
            <subfield code="c">RE310140001</subfield>
            <subfield code="j">BSE A1/ 799</subfield>
         </datafield>
         <datafield tag="949" ind1=" " ind2=" ">
            <subfield code="B">IDSSG</subfield>
            <subfield code="F">HSG</subfield>
            <subfield code="c">EG</subfield>
            <subfield code="j">QH 233 G128</subfield>
         </datafield>
      <datafield tag="949" ind1=" " ind2=" "><subfield code="B">IDSSG</subfield><subfield code="F">HIFF</subfield><subfield code="c">BIB</subfield><subfield code="j">AK 1198</subfield></datafield></record>