
<record xmlns:xs="http://www.w3.org/2001/XMLSchema">
         <leader>     caa a22     4  4500</leader>
         <controlfield tag="001">180810901</controlfield>
         <controlfield tag="003">CHVBK</controlfield>
         <controlfield tag="005">20190208054203.0</controlfield>
         <controlfield tag="008">971002s1997    ne a     b||| 100 0 eng|d</controlfield>
         <datafield tag="010" ind1=" " ind2=" ">
            <subfield code="a">   97202350 </subfield>
         </datafield>
         <datafield tag="020" ind1=" " ind2=" ">
            <subfield code="a">90-411-0392-9</subfield>
         </datafield>
         <datafield tag="020" ind1=" " ind2=" ">
            <subfield code="a">978-90-411-0392-5</subfield>
         </datafield>
         <datafield tag="035" ind1=" " ind2=" ">
            <subfield code="a">(NEBIS)007080434</subfield>
         </datafield>
         <datafield tag="035" ind1=" " ind2=" ">
            <subfield code="a">(OCoLC)43702000</subfield>
         </datafield>
         <datafield tag="040" ind1=" " ind2=" ">
            <subfield code="a">MBU-L</subfield>
            <subfield code="d">SzZuIDS NEBIS UNI-RWI</subfield>
         </datafield>
         <datafield tag="041" ind1="0" ind2=" ">
            <subfield code="a">eng</subfield>
            <subfield code="a">fre</subfield>
            <subfield code="a">ger</subfield>
         </datafield>
         <datafield tag="050" ind1=" " ind2=" ">
            <subfield code="a">K4456.3</subfield>
            <subfield code="b">.C34 vol. 82b</subfield>
            <subfield code="a">K4526.A6</subfield>
         </datafield>
         <datafield tag="082" ind1="0" ind2=" ">
            <subfield code="a">343.05246</subfield>
            <subfield code="2">21</subfield>
         </datafield>
         <datafield tag="082" ind1="0" ind2="4">
            <subfield code="a">336.2</subfield>
         </datafield>
         <datafield tag="082" ind1="0" ind2="4">
            <subfield code="a">343.04</subfield>
            <subfield code="2">21</subfield>
         </datafield>
         <datafield tag="084" ind1=" " ind2=" ">
            <subfield code="a">86.61</subfield>
            <subfield code="2">bcl</subfield>
         </datafield>
         <datafield tag="084" ind1=" " ind2=" ">
            <subfield code="a">85.33</subfield>
            <subfield code="2">bcl</subfield>
         </datafield>
         <datafield tag="245" ind1="0" ind2="4">
            <subfield code="a">The taxation of investment funds</subfield>
            <subfield code="b">L'imposition des fonds de placement = Die Besteuerung von Investmentfonds : subject 2</subfield>
         </datafield>
         <datafield tag="260" ind1=" " ind2=" ">
            <subfield code="a">The Hague</subfield>
            <subfield code="b">Kluwer</subfield>
            <subfield code="c">1997</subfield>
         </datafield>
         <datafield tag="300" ind1=" " ind2=" ">
            <subfield code="a">910 S.</subfield>
            <subfield code="b">Ill.</subfield>
         </datafield>
         <datafield tag="500" ind1=" " ind2=" ">
            <subfield code="a">51st Congress of the International Fiscal Association, New Delhi 1997</subfield>
         </datafield>
         <datafield tag="500" ind1=" " ind2=" ">
            <subfield code="a">Beitr. engl., 3 dt., 2 franz.</subfield>
         </datafield>
         <datafield tag="504" ind1=" " ind2=" ">
            <subfield code="a">Includes bibliographical references</subfield>
         </datafield>
         <datafield tag="650" ind1=" " ind2="0">
            <subfield code="a">Investments</subfield>
            <subfield code="x">Taxation</subfield>
            <subfield code="x">Law and legislation</subfield>
            <subfield code="v">Congresses</subfield>
         </datafield>
         <datafield tag="650" ind1=" " ind2="7">
            <subfield code="a">Beleggingsfondsen</subfield>
            <subfield code="2">gtt</subfield>
         </datafield>
         <datafield tag="650" ind1=" " ind2="7">
            <subfield code="a">Belastingheffing</subfield>
            <subfield code="2">gtt</subfield>
         </datafield>
         <datafield tag="650" ind1=" " ind2="7">
            <subfield code="a">Investmentfonds</subfield>
            <subfield code="0">(DE-588)4114047-3</subfield>
            <subfield code="2">gnd</subfield>
         </datafield>
         <datafield tag="650" ind1=" " ind2="7">
            <subfield code="a">Rechtsvergleich</subfield>
            <subfield code="0">(DE-588)4115712-6</subfield>
            <subfield code="2">gnd</subfield>
         </datafield>
         <datafield tag="650" ind1=" " ind2="7">
            <subfield code="a">Steuerrecht</subfield>
            <subfield code="0">(DE-588)4116614-0</subfield>
            <subfield code="2">gnd</subfield>
         </datafield>
         <datafield tag="650" ind1=" " ind2="0">
            <subfield code="a">Corporations</subfield>
            <subfield code="x">Taxation</subfield>
            <subfield code="x">Law and legislation</subfield>
            <subfield code="v">Congresses</subfield>
         </datafield>
         <datafield tag="650" ind1=" " ind2="0">
            <subfield code="a">Income tax</subfield>
            <subfield code="x">Law and legislation</subfield>
            <subfield code="v">Congresses</subfield>
         </datafield>
         <datafield tag="650" ind1=" " ind2="0">
            <subfield code="a">Investments, Foreign (International law)</subfield>
            <subfield code="v">Congresses</subfield>
         </datafield>
         <datafield tag="650" ind1=" " ind2="0">
            <subfield code="a">Investments, Foreign</subfield>
            <subfield code="x">Taxation</subfield>
            <subfield code="x">Law and legislation</subfield>
            <subfield code="v">Congresses</subfield>
         </datafield>
         <datafield tag="650" ind1=" " ind2="0">
            <subfield code="a">Investments</subfield>
            <subfield code="v">Congresses</subfield>
            <subfield code="x">Taxation</subfield>
            <subfield code="x">Law and legislation</subfield>
         </datafield>
         <datafield tag="650" ind1=" " ind2="0">
            <subfield code="a">Investments</subfield>
            <subfield code="x">Taxation</subfield>
            <subfield code="x">Law and legislation</subfield>
            <subfield code="x">Congresses</subfield>
         </datafield>
         <datafield tag="650" ind1=" " ind2="0">
            <subfield code="a">Mutual funds</subfield>
            <subfield code="x">Taxation</subfield>
            <subfield code="v">Congresses</subfield>
         </datafield>
         <datafield tag="711" ind1="2" ind2=" ">
            <subfield code="a">International Fiscal Association</subfield>
            <subfield code="e">Congress</subfield>
            <subfield code="0">(DE-588)1092024336</subfield>
         </datafield>
         <datafield tag="773" ind1=" " ind2="A">
            <subfield code="t">Cahiers de droit fiscal international</subfield>
            <subfield code="g">vol. 82b (1997)</subfield>
            <subfield code="1">1997</subfield>
            <subfield code="2">82</subfield>
            <subfield code="w">(NEBIS)000985789</subfield>
            <subfield code="9">134143221</subfield>
         </datafield>
         <datafield tag="898" ind1=" " ind2=" ">
            <subfield code="a">BK010800</subfield>
            <subfield code="b">XK010000</subfield>
            <subfield code="c">XK010000</subfield>
         </datafield>
         <datafield tag="909" ind1=" " ind2="7">
            <subfield code="a">rwiana201203p</subfield>
            <subfield code="c">irell 120314</subfield>
            <subfield code="2">idszbz Z2</subfield>
         </datafield>
         <datafield tag="913" ind1=" " ind2=" ">
            <subfield code="c">Delhi</subfield>
            <subfield code="a">Kongress = Congrès</subfield>
            <subfield code="b">1997</subfield>
         </datafield>
         <datafield tag="950" ind1=" " ind2=" ">
            <subfield code="B">NEBIS</subfield>
            <subfield code="P">711</subfield>
            <subfield code="E">2-</subfield>
            <subfield code="a">International Fiscal Association</subfield>
            <subfield code="e">Congress</subfield>
            <subfield code="0">(DE-588)1092024336</subfield>
         </datafield>
         <datafield tag="950" ind1=" " ind2=" ">
            <subfield code="B">NEBIS</subfield>
            <subfield code="P">773</subfield>
            <subfield code="E">-A</subfield>
            <subfield code="t">Cahiers de droit fiscal international</subfield>
            <subfield code="g">vol. 82b (1997)</subfield>
            <subfield code="1">1997</subfield>
            <subfield code="2">82</subfield>
            <subfield code="w">(NEBIS)000985789</subfield>
            <subfield code="9">134143221</subfield>
         </datafield>
      <datafield tag="949" ind1=" " ind2=" "><subfield code="B">IDSSG</subfield><subfield code="F">HIFF</subfield><subfield code="c">BIB</subfield><subfield code="j">LC 0301 082.2</subfield></datafield></record>